@Book{DDD,
title = "Online Order System",
author="IDIR YACINE",
publisher = "Dummy Publisher",
year = 2019,
}